@article{Combaret,
  author={Combaret, Christophe and others},
  title={Fast timing measurement for CMS RPC {Phase-II} upgrade},
  journal={JINST},
  volume={13},
  number={09},
  pages={C09001},
  url={http://stacks.iop.org/1748-0221/13/i=09/a=C09001},
  year={2018}
}

@article{Gouzevitch:2016pcr,
      author         = "Gouzevitch, Maxime and others",
      title          = "{High rate, fast timing glass RPC for the high $\eta$ CMS
                        muon detectors}",
      booktitle      = "{Proceedings, 14th Vienna Conference on Instrumentation
                        (VCI 2016): Vienna, Austria, February 15-19, 2016}",
      journal        = "Nucl. Instrum. Meth. A",
      volume         = "845",
      year           = "2017",
      pages          = "226-227",
      doi            = "10.1016/j.nima.2016.05.073",
      eprint         = "1606.00993",
      archivePrefix  = "arXiv",
      primaryClass   = "physics.ins-det",
      SLACcitation   = "%%CITATION = ARXIV:1606.00993;%%"
}


@article{Jaekel:2014yya,
      author         = "Jakel, Martin Richard and others",
      title          = "{CERN-GIF$^{++}$: a new irradiation facility to test
                        large-area particle detectors for the high-luminosity LHC
                        program}",
      booktitle      = "{Proceedings, 3rd International Conference on Technology
                        and Instrumentation in Particle Physics (TIPP 2014):
                        Amsterdam, Netherlands, June 2-6, 2014}",
      journal        = "PoS",
      volume         = "TIPP2014",
      year           = "2014",
      pages          = "102",
      doi            = "10.22323/1.213.0102",
      SLACcitation   = "%%CITATION = POSCI,TIPP2014,102;%%"
}


@Article{Chatrchyan:2008zzk,
     author    = "{CMS Collaboration}",
     title     = "The {CMS} experiment at the {CERN} {LHC}",
     journal   = "JINST",
     volume    = "3",
     year      = "2008",
     pages     = "S08004",
     doi       = "10.1088/1748-0221/3/08/S08004",
     SLACcitation  = "%%CITATION = JINST,3,S08004;%%"
}

@techreport{upgrade,
      author        = "{CMS Collaboration}",
      title         = "{The Phase-2 Upgrade of the CMS Muon Detectors}",
      institution   = "CERN",
      number        = "CERN-LHCC-2017-012. CMS-TDR-016",
      year          = "2017",
      reportNumber  = "CERN-LHCC-2017-012",
      url           = "https://cds.cern.ch/record/2283189"
}

@INPROCEEDINGS{PETIROC2,
author={J. Fleury and others},
booktitle={2013 IEEE Nuclear Science Symposium and Medical Imaging Conference (2013 NSS/MIC)},
title={Petiroc, a new front-end ASIC for time of flight application},
year={2013},
pages={1-5},
doi={10.1109/NSSMIC.2013.6829018},
ISSN={1082-3654},
month={Oct},}
